<?xml version="1.0" encoding="UTF-8"?><record xmlns="http://www.loc.gov/MARC21/slim" xmlns:cinclude="http://apache.org/cocoon/include/1.0" xmlns:zs="http://www.loc.gov/zing/srw/">
  <leader>01470cz  a2200229n  4500</leader>
  <controlfield tag="001">n  50033924 </controlfield>
  <controlfield tag="003">DLC</controlfield>
  <controlfield tag="005">20130312075001.0</controlfield>
  <controlfield tag="008">800630n| azannaab|          |a ana |||  </controlfield>
  <datafield tag="010" ind1=" " ind2=" ">
    <subfield code="a">n  50033924 </subfield>
  </datafield>
  <datafield tag="035" ind1=" " ind2=" ">
    <subfield code="a">(Uk)000155191</subfield>
  </datafield>
  <datafield tag="040" ind1=" " ind2=" ">
    <subfield code="a">DLC</subfield>
    <subfield code="b">eng</subfield>
    <subfield code="e">rda</subfield>
    <subfield code="c">DLC</subfield>
    <subfield code="d">MH</subfield>
    <subfield code="d">Uk</subfield>
    <subfield code="d">DLC</subfield>
  </datafield>
  <datafield tag="110" ind1="1" ind2=" ">
    <subfield code="a">Great Britain.</subfield>
    <subfield code="b">Department of Finance for Northern Ireland</subfield>
  </datafield>
  <datafield tag="410" ind1="1" ind2=" ">
    <subfield code="w">nnea</subfield>
    <subfield code="a">Great Britain.</subfield>
    <subfield code="b">Dept. of Finance for Northern Ireland</subfield>
  </datafield>
  <datafield tag="410" ind1="1" ind2=" ">
    <subfield code="a">Great Britain.</subfield>
    <subfield code="b">Finance for Northern Ireland, Department of</subfield>
  </datafield>
  <datafield tag="410" ind1="1" ind2=" ">
    <subfield code="a">Great Britain.</subfield>
    <subfield code="b">Northern Ireland Department of Finance</subfield>
  </datafield>
  <datafield tag="510" ind1="1" ind2=" ">
    <subfield code="w">a</subfield>
    <subfield code="a">Northern Ireland.</subfield>
    <subfield code="b">Ministry of Finance</subfield>
  </datafield>
  <datafield tag="510" ind1="1" ind2=" ">
    <subfield code="w">b</subfield>
    <subfield code="a">Great Britain.</subfield>
    <subfield code="b">Department of Finance and Personnel for Northern Ireland</subfield>
  </datafield>
  <datafield tag="667" ind1=" " ind2=" ">
    <subfield code="a">Use this heading for the period of direct rule of Northern Ireland by the government of Great Britain from 1974-1981. This body was preceded by Northern Ireland. Ministry of Finance and superseded in 1982 by Great Britain. Dept. of Finance and Personnel for Northern Ireland.</subfield>
  </datafield>
  <datafield tag="670" ind1=" " ind2=" ">
    <subfield code="a">Social and economic trends in Northern Ireland, no.1 (1975):</subfield>
    <subfield code="b">t.p. (Department of Finance, Northern Ireland)</subfield>
  </datafield>
  <datafield tag="670" ind1=" " ind2=" ">
    <subfield code="a">Memorandum on the reports from the Committee of Public Accounts, 1974-1980:</subfield>
    <subfield code="b">t.p. (Northern Ireland Department of Finance)</subfield>
  </datafield>
  <datafield tag="675" ind1=" " ind2=" ">
    <subfield code="a">Financial statement, 1982/1983: t.p. (Department of Finance and Personnel for Northern Ireland)</subfield>
    <subfield code="a">Statutes relating to the general valuation of Ireland, 1923: cover (Ministry of Finance, G.N.I.)</subfield>
  </datafield>
</record>